
@article{Mokeev:2015moa,
      author         = "Mokeev, Victor I. and Aznauryan, Inna and Burkert, Volker
                        and Gothe, Ralf",
      title          = "{Recent results on the nucleon resonance spectrum and
                        structure from the CLAS detector}",
      booktitle      = "{Proceedings, 21st International Conference on Few-Body
                        Problems in Physics (FB21)}",
      journal        = "EPJ Web Conf.",
      volume         = "113",
      year           = "2016",
      pages          = "01013",
      doi            = "10.1051/epjconf/201611301013",
      eprint         = "1508.04088",
      archivePrefix  = "arXiv",
      primaryClass   = "nucl-ex",
      reportNumber   = "JLAB-PHY-15-2121, DOE-OR-23177-3505",
      SLACcitation   = "%%CITATION = ARXIV:1508.04088;%%"
}

@inproceedings{Carman:2016hlp,
      author         = "Carman, Daniel S.",
      title          = "{Nucleon Resonance Structure Studies Via Exclusive KY
                        Electroproduction}",
      collaboration  = "CLAS",
      url            = "https://inspirehep.net/record/1414829/files/arXiv:1601.02488.pdf",
      year           = "2016",
      eprint         = "1601.02488",
      archivePrefix  = "arXiv",
      primaryClass   = "nucl-ex",
      reportNumber   = "JLAB-PHY-16-2197",
      SLACcitation   = "%%CITATION = ARXIV:1601.02488;%%"
}

@article{Aznauryan:2014xea,
      author         = "Aznauryan, I. G. and Burkert, V. D.",
      title          = "{Extracting meson-baryon contributions to the
                        electroexcitation of the $N(1675){\frac{5}{2}}^-$ nucleon
                        resonance}",
      journal        = "Phys. Rev.",
      volume         = "C92",
      year           = "2015",
      number         = "1",
      pages          = "015203",
      doi            = "10.1103/PhysRevC.92.015203",
      eprint         = "1412.1296",
      archivePrefix  = "arXiv",
      primaryClass   = "nucl-th",
      reportNumber   = "JLAB-PHY-14-1990",
      SLACcitation   = "%%CITATION = ARXIV:1412.1296;%%"
}

@article{Santopinto:2012nq,
      author         = "Santopinto, E. and Giannini, M. M.",
      title          = "{Systematic study of longitudinal and transverse helicity
                        amplitudes in the hypercentral constituent quark model}",
      journal        = "Phys. Rev.",
      volume         = "C86",
      year           = "2012",
      pages          = "065202",
      doi            = "10.1103/PhysRevC.86.065202",
      eprint         = "1506.01207",
      archivePrefix  = "arXiv",
      primaryClass   = "nucl-th",
      SLACcitation   = "%%CITATION = ARXIV:1506.01207;%%"
}

@article{JuliaDiaz:2007fa,
      author         = "Julia-Diaz, B. and Lee, T. -S. H. and Matsuyama, A. and
                        Sato, T. and Smith, L. C.",
      title          = "{Dynamical coupled-channels effects on pion
                        photoproduction}",
      journal        = "Phys. Rev.",
      volume         = "C77",
      year           = "2008",
      pages          = "045205",
      doi            = "10.1103/PhysRevC.77.045205",
      eprint         = "0712.2283",
      archivePrefix  = "arXiv",
      primaryClass   = "nucl-th",
      reportNumber   = "JLAB-THY-07-765",
      SLACcitation   = "%%CITATION = ARXIV:0712.2283;%%"
}

@article{Cloet:2013jya,
      author         = "Cloet, Ian C. and Roberts, Craig D.",
      title          = "{Explanation and Prediction of Observables using
                        Continuum Strong QCD}",
      journal        = "Prog. Part. Nucl. Phys.",
      volume         = "77",
      year           = "2014",
      pages          = "1-69",
      doi            = "10.1016/j.ppnp.2014.02.001",
      eprint         = "1310.2651",
      archivePrefix  = "arXiv",
      primaryClass   = "nucl-th",
      SLACcitation   = "%%CITATION = ARXIV:1310.2651;%%"
}

@article{Cloet:2013gva,
      author         = "Cloet, Ian C. and Roberts, Craig D. and Thomas, Anthony
                        W.",
      title          = "{Revealing dressed-quarks via the proton's charge
                        distribution}",
      journal        = "Phys. Rev. Lett.",
      volume         = "111",
      year           = "2013",
      pages          = "101803",
      doi            = "10.1103/PhysRevLett.111.101803",
      eprint         = "1304.0855",
      archivePrefix  = "arXiv",
      primaryClass   = "nucl-th",
      SLACcitation   = "%%CITATION = ARXIV:1304.0855;%%"
}

@article{Segovia:2015hra,
      author         = "Segovia, Jorge and El-Bennich, Bruno and Rojas, Eduardo
                        and Cloet, Ian C. and Roberts, Craig D. and Xu, Shu-Sheng
                        and Zong, Hong-Shi",
      title          = "{Completing the picture of the Roper resonance}",
      journal        = "Phys. Rev. Lett.",
      volume         = "115",
      year           = "2015",
      number         = "17",
      pages          = "171801",
      doi            = "10.1103/PhysRevLett.115.171801",
      eprint         = "1504.04386",
      archivePrefix  = "arXiv",
      primaryClass   = "nucl-th",
      SLACcitation   = "%%CITATION = ARXIV:1504.04386;%%"
}

@article{Binosi:2014aea,
      author         = "Binosi, Daniele and Chang, Lei and Papavassiliou, Joannis
                        and Roberts, Craig D.",
      title          = "{Bridging a gap between continuum-QCD and ab initio
                        predictions of hadron observables}",
      journal        = "Phys. Lett.",
      volume         = "B742",
      year           = "2015",
      pages          = "183-188",
      doi            = "10.1016/j.physletb.2015.01.031",
      eprint         = "1412.4782",
      archivePrefix  = "arXiv",
      primaryClass   = "nucl-th",
      reportNumber   = "ADP-14-42-T901",
      SLACcitation   = "%%CITATION = ARXIV:1412.4782;%%"
}

@article{Segovia:2014aza,
      author         = "Segovia, Jorge and Cloet, Ian C. and Roberts, Craig D.
                        and Schmidt, Sebastian M.",
      title          = "{Nucleon and $\Delta$ elastic and transition form
                        factors}",
      journal        = "Few Body Syst.",
      volume         = "55",
      year           = "2014",
      pages          = "1185-1222",
      doi            = "10.1007/s00601-014-0907-2, 10.1007/s00601-014-0908-1",
      eprint         = "1408.2919",
      archivePrefix  = "arXiv",
      primaryClass   = "nucl-th",
      SLACcitation   = "%%CITATION = ARXIV:1408.2919;%%"
}

@article{Braun:2014wpa,
      author         = "Braun, V. M. and Collins, S. and Gläßle, B. and
                        Göckeler, M. and Schäfer, A. and Schiel, R. W. and
                        Söldner, W. and Sternbeck, A. and Wein, P.",
      title          = "{Light-cone Distribution Amplitudes of the Nucleon and
                        Negative Parity Nucleon Resonances from Lattice QCD}",
      journal        = "Phys. Rev.",
      volume         = "D89",
      year           = "2014",
      pages          = "094511",
      doi            = "10.1103/PhysRevD.89.094511",
      eprint         = "1403.4189",
      archivePrefix  = "arXiv",
      primaryClass   = "hep-lat",
      SLACcitation   = "%%CITATION = ARXIV:1403.4189;%%"
}

@article{Anikin:2015ita,
      author         = "Anikin, I. V. and Braun, V. M. and Offen, N.",
      title          = "{Electroproduction of the $N^*(1535)$ nucleon resonance
                        in QCD}",
      journal        = "Phys. Rev.",
      volume         = "D92",
      year           = "2015",
      number         = "1",
      pages          = "014018",
      doi            = "10.1103/PhysRevD.92.014018",
      eprint         = "1505.05759",
      archivePrefix  = "arXiv",
      primaryClass   = "hep-ph",
      SLACcitation   = "%%CITATION = ARXIV:1505.05759;%%"
}

@article{Mokeev:2013kka,
      author         = "Mokeev, Viktor I. and Aznauryan, Inna G.",
      title          = "{Studies of $N^*$ structure from the CLAS meson
                        electroproduction data}",
      booktitle      = "{Proceedings, 9th International Workshop on the Physics
                        of Excited Nucleons (NSTAR 2013)}",
      journal        = "Int. J. Mod. Phys. Conf. Ser.",
      volume         = "26",
      year           = "2014",
      pages          = "1460080",
      doi            = "10.1142/S2010194514600805",
      eprint         = "1310.1101",
      archivePrefix  = "arXiv",
      primaryClass   = "nucl-ex",
      reportNumber   = "JLAB-PHY-13-1808, DOE-OR-23177-2791",
      SLACcitation   = "%%CITATION = ARXIV:1310.1101;%%"
}

@article{Mokeev:2012vsa,
      author         = "Mokeev, V. I. and others",
      title          = "{Experimental Study of the $P_{11}(1440)$ and
                        $D_{13}(1520)$ resonances from CLAS data on $ep
                        \rightarrow e'\pi^{+} \pi^{-} p'$}",
      collaboration  = "CLAS",
      journal        = "Phys. Rev.",
      volume         = "C86",
      year           = "2012",
      pages          = "035203",
      doi            = "10.1103/PhysRevC.86.035203",
      eprint         = "1205.3948",
      archivePrefix  = "arXiv",
      primaryClass   = "nucl-ex",
      reportNumber   = "JLAB-PHY-12-1530",
      SLACcitation   = "%%CITATION = ARXIV:1205.3948;%%"
}


@article{Fedotov:2008aa,
      author         = "Fedotov, G. V. and others",
      title          = "{Electroproduction of p pi+ pi- off protons at 0.2 < Q**2
                        < 0.6-GeV**2 and 1.3 < W < 1.57-GeV with CLAS}",
      collaboration  = "CLAS",
      journal        = "Phys. Rev.",
      volume         = "C79",
      year           = "2009",
      pages          = "015204",
      doi            = "10.1103/PhysRevC.79.015204",
      eprint         = "0809.1562",
      archivePrefix  = "arXiv",
      primaryClass   = "nucl-ex",
      reportNumber   = "JLAB-PHY-08-871",
      SLACcitation   = "%%CITATION = ARXIV:0809.1562;%%"
}

@article{Mokeev:2008iw,
      author         = "Mokeev, Viktor I. and Burkert, Volker D. and Lee,
                        Tsung-Shung H. and Elouadrhiri, Latifa and Fedotov, Gleb
                        V. and Ishkhanov, Boris S.",
      title          = "{Model Analysis of the p pi+ pi- Electroproduction
                        Reaction on the Proton}",
      journal        = "Phys. Rev.",
      volume         = "C80",
      year           = "2009",
      pages          = "045212",
      doi            = "10.1103/PhysRevC.80.045212",
      eprint         = "0809.4158",
      archivePrefix  = "arXiv",
      primaryClass   = "hep-ph",
      reportNumber   = "JLAB-PHY-08-882",
      SLACcitation   = "%%CITATION = ARXIV:0809.4158;%%"
}


@article{Ripani:2002ss,
      author         = "Ripani, M. and others",
      title          = "{Measurement of e p ---> e-prime p pi+ pi- and baryon
                        resonance analysis}",
      collaboration  = "CLAS",
      journal        = "Phys. Rev. Lett.",
      volume         = "91",
      year           = "2003",
      pages          = "022002",
      doi            = "10.1103/PhysRevLett.91.022002",
      eprint         = "hep-ex/0210054",
      archivePrefix  = "arXiv",
      primaryClass   = "hep-ex",
      reportNumber   = "JLAB-PHY-02-138",
      SLACcitation   = "%%CITATION = HEP-EX/0210054;%%"
}


@article{Mokeev:2015lda,
      author         = "Mokeev, V. I. and others",
      title          = "{New Results from the Studies of the $N(1440)1/2^+$,
                        $N(1520)3/2^-$, and $\Delta(1620)1/2^-$ Resonances in
                        Exclusive $ep \to e'p' \pi^+ \pi^-$ Electroproduction with
                        the CLAS Detector}",
      journal        = "Phys. Rev.",
      volume         = "C93",
      year           = "2016",
      number         = "2",
      pages          = "025206",
      doi            = "10.1103/PhysRevC.93.025206",
      eprint         = "1509.05460",
      archivePrefix  = "arXiv",
      primaryClass   = "nucl-ex",
      reportNumber   = "JLAB-PHY-15-2137",
      SLACcitation   = "%%CITATION = ARXIV:1509.05460;%%"
}


@article{Park:2014yea,
      author         = "Park, K. and others",
      title          = "{Measurements of $ep \to e^\prime \pi^+n$ at W = 1.6 -
                        2.0 GeV and extraction of nucleon resonance
                        electrocouplings at CLAS}",
      collaboration  = "CLAS",
      journal        = "Phys. Rev.",
      volume         = "C91",
      year           = "2015",
      pages          = "045203",
      doi            = "10.1103/PhysRevC.91.045203",
      eprint         = "1412.0274",
      archivePrefix  = "arXiv",
      primaryClass   = "nucl-ex",
      reportNumber   = "JLAB-PHY-15-4",
      SLACcitation   = "%%CITATION = ARXIV:1412.0274;%%"
}

@article{Aznauryan:2009mx,
      author         = "Aznauryan, I. G. and others",
      title          = "{Electroexcitation of nucleon resonances from CLAS data
                        on single pion electroproduction}",
      collaboration  = "CLAS",
      journal        = "Phys. Rev.",
      volume         = "C80",
      year           = "2009",
      pages          = "055203",
      doi            = "10.1103/PhysRevC.80.055203",
      eprint         = "0909.2349",
      archivePrefix  = "arXiv",
      primaryClass   = "nucl-ex",
      reportNumber   = "JLAB-PHY-09-1067",
      SLACcitation   = "%%CITATION = ARXIV:0909.2349;%%"
}


@article{Aznauryan:2011qj,
      author         = "Aznauryan, I. G. and Burkert, V. D.",
      title          = "{Electroexcitation of nucleon resonances}",
      journal        = "Prog. Part. Nucl. Phys.",
      volume         = "67",
      year           = "2012",
      pages          = "1-54",
      doi            = "10.1016/j.ppnp.2011.08.001",
      eprint         = "1109.1720",
      archivePrefix  = "arXiv",
      primaryClass   = "hep-ph",
      reportNumber   = "JLAB-PHY-11-1409",
      SLACcitation   = "%%CITATION = ARXIV:1109.1720;%%"
}

@article{Aznauryan:2011ub,
      author         = "Aznauryan, I. and Burkert, V. D. and Lee, T. -S. H. and
                        Mokeev, V. I.",
      title          = "{Results from the N* program at JLab}",
      journal        = "J. Phys. Conf. Ser.",
      volume         = "299",
      year           = "2011",
      pages          = "012008",
      doi            = "10.1088/1742-6596/299/1/012008",
      eprint         = "1102.0597",
      archivePrefix  = "arXiv",
      primaryClass   = "nucl-ex",
      reportNumber   = "JLAB-PHY-11-1316",
      SLACcitation   = "%%CITATION = ARXIV:1102.0597;%%"
}


@article{KPark:momcorr,
      author         = "Kijun Park and Volker Burkert and Latifa Elouadrhiri and Wooyoung Kim",
      title          = "\href{https://www.jlab.org/Hall-B/notes/clas_notes03/03-012.pdf}{Kinematics Corrections for CLAS}",
      ee = {https://www.jlab.org/Hall-B/notes/clas_notes03/03-012.pdf},
      journal   = "CLAS-Note 2003-012",
      collaboration  = "CLAS",
      year           = "2003",
}


@article{BOS:bank,
      journal          = "\href{http://clasweb.jlab.org/bos/browsebos.php}{http://clasweb.jlab.org/bos/browsebos.php}",
     
}




@article{Khetarpal:2010,
      author         = "P. K. Khetarpal",
      title          = "\href{https://www.jlab.org/Hall-B/general/thesis/Khetarpal_thesis.pdf}{NEAR THRESHOLD NEUTRAL PION ELECTROPRODUCTION AT HIGH MOMENTUM TRANSFERS }",
      ee = {https://www.jlab.org/Hall-B/general/thesis/Khetarpal_thesis.pdf},
      journal   = "Ph. D. Thesis",
      collaboration  = "CLAS",
      year           = "2010",
}


@article{Osipenko:2004,
      author         = "M. Osipenko and A. Vlassov and M. Taiuti",
      title          = "{Matching between the electron cndidate track and Cherenkov counter hit}",
      journal   = "CLAS-NOTE-2004-020",
      collaboration  = "CLAS",
      year           = "2004",
}



@article{Ebata:1969pi,
      author         = "Ebata, T. and Lassila, K.E.",
      title          = "{Uniform treatment of pion electro- and photoproduction
                        in regge theory}",
      journal        = "Phys.Rev.",
      volume         = "183",
      pages          = "1425-1430",
      doi            = "10.1103/PhysRev.183.1425",
      year           = "1969",
      SLACcitation   = "%%CITATION = PHRVA,183,1425;%%",
}

@article{Mokeev:2001qg,
      author         = "Mokeev, V.I. and Ripani, M. and Anghinolfi, M. and
                        Battaglieri, M. and Golovach, E.N. and others",
      title          = "{Phenomenological model for describing pion pair
                        production on a proton by virtual photons in the energy
                        region of nucleon resonance excitation}",
      journal        = "Phys.Atom.Nucl.",
      volume         = "64",
      pages          = "1292-1298",
      doi            = "10.1134/1.1389557",
      year           = "2001",
      SLACcitation   = "%%CITATION = PANUE,64,1292;%%",
}


@article{Burkert:2004rh,
      author         = "Burkert, V. and Boluchevsky, A.A. and Mokeev, V.I. and
                        Ripani, M. and Anghinolfi, M. and others",
      title          = "{New possibilities for studying nucleon resonances in the
                        production of pi+ pi- pairs by polarized electrons on an
                        unpolarized proton}",
      journal        = "Phys.Atom.Nucl.",
      volume         = "67",
      pages          = "1918-1922",
      doi            = "10.1134/1.1811198",
      year           = "2004",
      reportNumber   = "JLAB-PHY-03-69",
      SLACcitation   = "%%CITATION = PANUE,67,1918;%%",
}


@proceedings{Mokeev:NSTAR2004rh,
      author         = "V. Mokeev, et. al.",
      journal        = "Proc. of NSTAR2004
workshop",
      year           = "2004",
      venue          = "Grenoble, France",
      month          = "April 24-27",
}

@article{Burkert:2004sk,
      author         = "Burkert, V.D. and Lee, T.S.H.",
      title          = "{Electromagnetic meson production in the nucleon
                        resonance region}",
      journal        = "Int.J.Mod.Phys.",
      volume         = "E13",
      pages          = "1035-1112",
      doi            = "10.1142/S0218301304002545",
      year           = "2004",
      eprint         = "nucl-ex/0407020",
      archivePrefix  = "arXiv",
      primaryClass   = "nucl-ex",
      reportNumber   = "JLAB-PHY-04-246",
      SLACcitation   = "%%CITATION = NUCL-EX/0407020;%%",
}



@article{Guerra:1975wk,
      author         = "Del Guerra, A. and Giazotto, A. and Giorgi, M.A. and
                        Stefanini, A. and Botterill, D.R. and others",
      title          = "{Measurements of Threshold pi+ Electroproduction at Low
                        Momentum Transfer}",
      journal        = "Nucl.Phys.",
      volume         = "B99",
      pages          = "253",
      doi            = "10.1016/0550-3213(75)90004-8",
      year           = "1975",
      reportNumber   = "DL/P 242",
      SLACcitation   = "%%CITATION = NUPHA,B99,253;%%",
}


@article{Amaldi:1972vf,
      author         = "Amaldi, E. and Benevantano, M. and Borgia, B. and De
                        Notaristefani, F. and Frondaroli, A. and others",
      title          = "{Axial-vector form-factor of the nucleon from a
                        coincidence experiment on electroproduction at threshold}",
      journal        = "Phys.Lett.",
      volume         = "B41",
      pages          = "216-220",
      doi            = "10.1016/0370-2693(72)90465-0",
      year           = "1972",
      SLACcitation   = "%%CITATION = PHLTA,B41,216;%%",
}


@article{Joos:1976ng,
      author         = "Joos, P. and Ladage, A. and Meyer, H. and Soding, P. and
                        Stein, P. and others",
      title          = "{Determination of the Nucleon Axial Vector Form-Factor
                        from pi Delta Electroproduction Near Threshold}",
      journal        = "Phys.Lett.",
      volume         = "B62",
      pages          = "230",
      doi            = "10.1016/0370-2693(76)90514-1",
      year           = "1976",
      reportNumber   = "DESY-76-09",
      SLACcitation   = "%%CITATION = PHLTA,B62,230;%%",
}


@article{JuliaDiaz:2004qr,
      author         = "Julia-Diaz, B. and Riska, D.O. and Coester, F.",
      title          = "{Axial transition form-factors and pion decay of baryon
                        resonances}",
      journal        = "Phys.Rev.",
      volume         = "C70",
      pages          = "045204",
      doi            = "10.1103/PhysRevC.70.045204",
      year           = "2004",
      eprint         = "nucl-th/0406015",
      archivePrefix  = "arXiv",
      primaryClass   = "nucl-th",
      SLACcitation   = "%%CITATION = NUCL-TH/0406015;%%",
}


@article{Thomas:2005rz,
      author         = "Thomas, Anthony William",
      title          = "{New insight into nuclear structure from QCD}",
      journal        = "Annalen Phys.",
      volume         = "13",
      pages          = "731-739",
      doi            = "10.1002/andp.200410115",
      year           = "2004",
      reportNumber   = "JLAB-THY-05-4",
      SLACcitation   = "%%CITATION = ANPYA,13,731;%%",
}

@article{Aznauryan:2004jd,
      author         = "Aznauryan, I.G. and Burkert, V.D. and Egiyan, H. and Joo,
                        K. and Minehart, R. and others",
      title          = "{Electroexcitation of the P(33)(1232), P(11)(1440),
                        D(13)(1520), S(11)(1535) at Q**2 = 0.4 and 0.65
                        (GeV/c)**2}",
      journal        = "Phys.Rev.",
      volume         = "C71",
      pages          = "015201",
      doi            = "10.1103/PhysRevC.71.015201",
      year           = "2005",
      eprint         = "nucl-th/0407021",
      archivePrefix  = "arXiv",
      primaryClass   = "nucl-th",
      reportNumber   = "JLAB-PHY-04-23",
      SLACcitation   = "%%CITATION = NUCL-TH/0407021;%%",
}


@article{Glozman:2004ww,
      author         = "Glozman, L. Ya.",
      title          = "{Restoration of chiral symmetry in excited hadrons}",
      journal        = "Acta Phys.Polon.",
      volume         = "B35",
      pages          = "2985-3020",
      year           = "2004",
      eprint         = "hep-ph/0410194",
      archivePrefix  = "arXiv",
      primaryClass   = "hep-ph",
      SLACcitation   = "%%CITATION = HEP-PH/0410194;%%",
}


@article{Eidelman:2004wy,
      author         = "Eidelman, S. and others",
      title          = "{Review of particle physics. Particle Data Group}",
      collaboration  = "Particle Data Group",
      journal        = "Phys.Lett.",
      volume         = "B592",
      pages          = "1-1109",
      doi            = "10.1016/j.physletb.2004.06.001",
      year           = "2004",
      SLACcitation   = "%%CITATION = PHLTA,B592,1;%%",
}


@article{Burkert:2002zz,
      author         = "Burkert, V.D. and De Vita, R. and Battaglieri, M. and
                        Ripani, M. and Mokeev, V.",
      title          = "{Single quark transition model analysis of
                        electromagnetic nucleon resonance transitions in the
                        [70,1-] supermultiplet}",
      journal        = "Phys.Rev.",
      volume         = "C67",
      pages          = "035204",
      doi            = "10.1103/PhysRevC.67.035204",
      year           = "2003",
      eprint         = "hep-ph/0212108",
      archivePrefix  = "arXiv",
      primaryClass   = "hep-ph",
      reportNumber   = "JLAB-PHY-02-23",
      SLACcitation   = "%%CITATION = HEP-PH/0212108;%%",
}

@article{Thompson:2000by,
      author         = "Thompson, R. and others",
      title          = "{The e p ---> e-prime p eta reaction at and above the
                        S(11)(1535) baryon resonance}",
      collaboration  = "CLAS",
      journal        = "Phys.Rev.Lett.",
      volume         = "86",
      pages          = "1702-1706",
      doi            = "10.1103/PhysRevLett.86.1702",
      year           = "2001",
      eprint         = "hep-ex/0011029",
      archivePrefix  = "arXiv",
      primaryClass   = "hep-ex",
      reportNumber   = "JLAB-PHY-00-92",
      SLACcitation   = "%%CITATION = HEP-EX/0011029;%%",
}


@article{Capstick:1994ne,
      author         = "Capstick, Simon and Keister, B.D.",
      title          = "{Baryon current matrix elements in a light front
                        framework}",
      journal        = "Phys.Rev.",
      volume         = "D51",
      pages          = "3598-3612",
      doi            = "10.1103/PhysRevD.51.3598",
      year           = "1995",
      eprint         = "nucl-th/9411016",
      archivePrefix  = "arXiv",
      primaryClass   = "nucl-th",
      reportNumber   = "FSU-SCRI-94-106, CEBAF-TH-94-26",
      SLACcitation   = "%%CITATION = NUCL-TH/9411016;%%",
}


@article{Pace:1998pp,
      author         = "Pace, E. and Salme, G. and Simula, S.",
      title          = "{Investigation of N - N* electromagnetic form-factors
                        within a front form CQM}",
      journal        = "Few Body Syst.Suppl.",
      volume         = "10",
      pages          = "407-410",
      year           = "1999",
      eprint         = "nucl-th/9810053",
      archivePrefix  = "arXiv",
      primaryClass   = "nucl-th",
      reportNumber   = "INFN-1229-98",
      SLACcitation   = "%%CITATION = NUCL-TH/9810053;%%",
}


@proceedings{Simula:NSTAR2001,
      author         = "S. Simula, et. al.",
      journal        = "Proc. of NSTAR2001
workshop",
      year           = "2001",
      pages          = "135",
}


@article{Warns:1990,
      author         = "M. Warns, H. Schr\"oder, W. Pfeil and H. Rollnik",
      journal        = "Z. Phys. C-Particles and Fields",
      volume         = "45",
      pages          = "627",
      year           = "1990",
}


@article{Aiello:1998,
      author         = "M. Aiello, M. M. Giannini and E. Santopinto",
      journal        = "J. Phys.
G:Nucl. Part. Phys.",
      volume         = "24",
      pages          = "753",
}


@article{Cano:1998wz,
      author         = "Cano, F. and Gonzalez, P.",
      title          = "{A Consistent explanation of the Roper phenomenology}",
      journal        = "Phys.Lett.",
      volume         = "B431",
      pages          = "270-276",
      doi            = "10.1016/S0370-2693(98)00574-7",
      year           = "1998",
      eprint         = "nucl-th/9804071",
      archivePrefix  = "arXiv",
      primaryClass   = "nucl-th",
      reportNumber   = "FTUV-97-45B, IFIC-97-41",
      SLACcitation   = "%%CITATION = NUCL-TH/9804071;%%",
}


@article{Li:1991yba,
      author         = "Li, Zhen-ping and Burkert, Volker and Li, Zhu-jun",
      title          = "{Electroproduction of the Roper resonance as a hybrid
                        state}",
      journal        = "Phys.Rev.",
      volume         = "D46",
      pages          = "70-74",
      doi            = "10.1103/PhysRevD.46.70",
      year           = "1992",
      reportNumber   = "CEBAF-PR-91-32, UTK-91-07",
      SLACcitation   = "%%CITATION = PHRVA,D46,70;%%",
}

@article{Vrana:1999nt,
      author         = "Vrana, T.P. and Dytman, S.A. and Lee, T.S.H.",
      title          = "{Baryon resonance extraction from pi N data using a
                        unitary multichannel model}",
      journal        = "Phys.Rept.",
      volume         = "328",
      pages          = "181-236",
      doi            = "10.1016/S0370-1573(99)00108-8",
      year           = "2000",
      eprint         = "nucl-th/9910012",
      archivePrefix  = "arXiv",
      primaryClass   = "nucl-th",
      SLACcitation   = "%%CITATION = NUCL-TH/9910012;%%",
}



@article{Joo:2001tw,
      author         = "Joo, K. and others",
      title          = "{Q**2 dependence of quadrupole strength in the gamma* p
                        ---> Delta+(1232) ---> p pi0 transition}",
      collaboration  = "CLAS",
      journal        = "Phys.Rev.Lett.",
      volume         = "88",
      pages          = "122001",
      doi            = "10.1103/PhysRevLett.88.122001",
      year           = "2002",
      eprint         = "hep-ex/0110007",
      archivePrefix  = "arXiv",
      primaryClass   = "hep-ex",
      reportNumber   = "JLAB-PHY-01-89",
      SLACcitation   = "%%CITATION = HEP-EX/0110007;%%",
}


@article{Mertz:1999hp,
      author         = "Mertz, C. and Vellidis, C. and Alarcon, R. and Barkhuff,
                        D.H. and Bernstein, A.M. and others",
      title          = "{Search for quadrupole strength in the electroexcitation
                        of the delta(1232)}",
      journal        = "Phys.Rev.Lett.",
      volume         = "86",
      pages          = "2963-2966",
      doi            = "10.1103/PhysRevLett.86.2963",
      year           = "2001",
      eprint         = "nucl-ex/9902012",
      archivePrefix  = "arXiv",
      primaryClass   = "nucl-ex",
      reportNumber   = "JLAB-PHY-01-76",
      SLACcitation   = "%%CITATION = NUCL-EX/9902012;%%",
}



@article{Kalleicher:1997qf,
      author         = "Kalleicher, F. and Dittmayer, U. and Gothe, R.W. and
                        Putsch, H. and Reichelt, T. and others",
      title          = "{The determination of sigma(LT)/sigma(TT) in electropion
                        production in the Delta resonance region}",
      journal        = "Z.Phys.",
      volume         = "A359",
      pages          = "201-204",
      doi            = "10.1007/s002180050387",
      year           = "1997",
      SLACcitation   = "%%CITATION = ZEPYA,A359,201;%%",
}


@article{Frolov:1998pw,
      author         = "Frolov, V.V. and Adams, G.S. and Ahmidouch, A. and
                        Armstrong, C.S. and Assamagan, K. and others",
      title          = "{Electroproduction of the Delta (1232) resonance at high
                        momentum transfer}",
      journal        = "Phys.Rev.Lett.",
      volume         = "82",
      pages          = "45-48",
      doi            = "10.1103/PhysRevLett.82.45",
      year           = "1999",
      eprint         = "hep-ex/9808024",
      archivePrefix  = "arXiv",
      primaryClass   = "hep-ex",
      reportNumber   = "JLAB-PHY-98-08",
      SLACcitation   = "%%CITATION = HEP-EX/9808024;%%",
}



@article{Blanpied:2001ae,
      author         = "Blanpied, G. and Blecher, M. and Caracappa, A. and
                        Deininger, R. and Djalali, C. and others",
      title          = "{N ---> delta transition and proton polarizabilities from
                        measurements of p (gamma polarized, gamma), p (gamma
                        polarized, pi0), and p (gamma polarized, pi+)}",
      journal        = "Phys.Rev.",
      volume         = "C64",
      pages          = "025203",
      doi            = "10.1103/PhysRevC.64.025203",
      year           = "2001",
      SLACcitation   = "%%CITATION = PHRVA,C64,025203;%%",
}


@article{Beck:1999ge,
      author         = "Beck, R. and Krahn, H.P. and Ahrens, J. and Annand,
                        J.R.M. and Arends, H.J. and others",
      title          = "{Determination of the E2 / M1 ratio in the gamma N --->
                        Delta (1232) transition from a simultaneous measurement of
                        p(polarized gamma, p) pi0 and p(polarized gamma, pi+)n}",
      journal        = "Phys.Rev.",
      volume         = "C61",
      pages          = "035204",
      doi            = "10.1103/PhysRevC.61.035204",
      year           = "2000",
      eprint         = "nucl-ex/9908017",
      archivePrefix  = "arXiv",
      primaryClass   = "nucl-ex",
      SLACcitation   = "%%CITATION = NUCL-EX/9908017;%%",
}


@article{Pospischil:2000ad,
      author         = "Pospischil, Th. and Bartsch, P. and Baumann, D. and
                        Bermuth, J. and Bohm, R. and others",
      title          = "{Measurement of the recoil polarization in the p
                        (polarized e, e-prime polarized p) pi0 reaction at the
                        Delta(1232) resonance}",
      journal        = "Phys.Rev.Lett.",
      volume         = "86",
      pages          = "2959-2962",
      doi            = "10.1103/PhysRevLett.86.2959",
      year           = "2001",
      eprint         = "nucl-ex/0010020",
      archivePrefix  = "arXiv",
      primaryClass   = "nucl-ex",
      SLACcitation   = "%%CITATION = NUCL-EX/0010020;%%",
}



@article{Silva:1999nz,
      author         = "Silva, A. and Urbano, D. and Watabe, T. and Fiolhais, M.
                        and Goeke, K.",
      title          = "{The Electroproduction of the delta(1232) in the chiral
                        quark soliton model}",
      journal        = "Nucl.Phys.",
      volume         = "A675",
      pages          = "637-657",
      doi            = "10.1016/S0375-9474(00)00195-0",
      year           = "2000",
      eprint         = "hep-ph/9905326",
      archivePrefix  = "arXiv",
      primaryClass   = "hep-ph",
      reportNumber   = "RUB-TPII-04-99",
      SLACcitation   = "%%CITATION = HEP-PH/9905326;%%",
}


@article{Kamalov:2000en,
      author         = "Kamalov, Sabit S. and Yang, Shin Nan and Drechsel, Dieter
                        and Hanstein, Olaf and Tiator, Lothar",
      title          = "{Gamma* N ---> Delta transition form-factors: A New
                        analysis of the JLab data on p (e, e-prime p) pi0 at
                        Q**2=(2.8-(GeV/c)**2 and 4.0-(GeV/c)**2)}",
      journal        = "Phys.Rev.",
      volume         = "C64",
      pages          = "032201",
      doi            = "10.1103/PhysRevC.64.032201",
      year           = "2001",
      eprint         = "nucl-th/0006068",
      archivePrefix  = "arXiv",
      primaryClass   = "nucl-th",
      reportNumber   = "MKPH-T-00-09",
      SLACcitation   = "%%CITATION = NUCL-TH/0006068;%%",
}



@article{Sato:2000jf,
      author         = "Sato, T. and Lee, T.S.H.",
      title          = "{Dynamical study of the Delta excitation in N (e, e-prime
                        pi) reactions}",
      journal        = "Phys.Rev.",
      volume         = "C63",
      pages          = "055201",
      doi            = "10.1103/PhysRevC.63.055201",
      year           = "2001",
      eprint         = "nucl-th/0010025",
      archivePrefix  = "arXiv",
      primaryClass   = "nucl-th",
      SLACcitation   = "%%CITATION = NUCL-TH/0010025;%%",
}



@article{Tiator:2000iy,
      author         = "Tiator, L. and Drechsel, D. and Hanstein, O. and Kamalov,
                        S.S. and Yang, S.N.",
      title          = "{The E2 / M1 and C2 / M1 ratios and form-factors in N
                        ---> Delta transitions}",
      journal        = "Nucl.Phys.",
      volume         = "A689",
      pages          = "205-214",
      doi            = "10.1016/S0375-9474(01)00835-1",
      year           = "2001",
      eprint         = "nucl-th/0012046",
      archivePrefix  = "arXiv",
      primaryClass   = "nucl-th",
      reportNumber   = "MKPH-T-00-23",
      SLACcitation   = "%%CITATION = NUCL-TH/0012046;%%",
}



@article{Aznaurian:1992ej,
      author         = "Aznaurian, I.G.",
      title          = "{Relativistic effects, QCD mixing angles and N ---> N
                        gamma and DELTA ---> N gamma transition form-factors}",
      journal        = "Z.Phys.",
      volume         = "A346",
      pages          = "297-305",
      doi            = "10.1007/BF01292521",
      year           = "1993",
      reportNumber   = "CEBAF-TH-92-17",
      SLACcitation   = "%%CITATION = ZEPYA,A346,297;%%",
}



@article{Egian:007,
      author         = "K. Egian and others",
      title          = "{Determination of electron energy cut due to the CLAS EC threshoul}",
      journal   = "CLAS-NOTE-99-007",
      collaboration  = "CLAS",
      year           = "1999",
}

@inproceedings{Golova,
title     = {\href{http://www.ge.infn.it/~golovach/cooking_status/momcor/momcor.html}{http://www.ge.infn.it/$\sim$golovach/cooking$\_$status/momcor/momcor.html}},
ee = {http://www.ge.infn.it/~golovach/cooking_status/momcor/momcor.html},
}


@inproceedings{Vlassov,
title     = {\href{http://www.jlab.org/~vlassov/cc/cc_e1b_eff/e1b_1500.html}{http://www.jlab.org/$\sim$vlassov/cc/cc$\_$e1b$\_$eff/e1b$\_$1500.html}},
ee = {http://www.jlab.org/~vlassov/cc/cc_e1b_eff/e1b_1500.html},
}



@book{statistic,
    author    = "W. T. EADIE, D. DRYARD,
F. E. JAMES, M. ROOS",
    title     = "STATISTICAL METHODS IN EXPEREMENTAL
PHYSICS",
    year      = "1971",
    publisher = "CERN, Geneva (and
university of Helsinki). NORTH-HOLLAND
PUBLISHING COMPANY, AMSTERDAM, LONDON",
}


@article{Mo:1968cg,
      author         = "Mo, Luke W. and Tsai, Yung-Su",
      title          = "{Radiative Corrections to Elastic and Inelastic e p and
                        mu p Scattering}",
      journal        = "Rev.Mod.Phys.",
      volume         = "41",
      pages          = "205-235",
      doi            = "10.1103/RevModPhys.41.205",
      year           = "1969",
      reportNumber   = "SLAC-PUB-0380",
      SLACcitation   = "%%CITATION = RMPHA,41,205;%%",
}


@article{Ripani:2000tz,
      author         = "Ripani, M.",
      title          = "{Two pion electroproduction with the CLAS detector at
                        Jefferson Laboratory}",
      collaboration  = "CLAS",
      journal        = "Nucl.Phys.",
      volume         = "A663",
      pages          = "675-678",
      doi            = "10.1016/S0375-9474(99)00719-8",
      year           = "2000",
      reportNumber   = "JLAB-PHY-99-61",
      SLACcitation   = "%%CITATION = NUPHA,A663,675;%%",
}


@article{Mokeev:2001qg,
      author         = "Mokeev, V.I. and Ripani, M. and Anghinolfi, M. and
                        Battaglieri, M. and Golovach, E.N. and others",
      title          = "{Phenomenological model for describing pion pair
                        production on a proton by virtual photons in the energy
                        region of nucleon resonance excitation}",
      journal        = "Phys.Atom.Nucl.",
      volume         = "64",
      pages          = "1292-1298",
      doi            = "10.1134/1.1389557",
      year           = "2001",
      SLACcitation   = "%%CITATION = PANUE,64,1292;%%",
}



@article{Burkert:2004rh,
      author         = "Burkert, V. and Boluchevsky, A.A. and Mokeev, V.I. and
                        Ripani, M. and Anghinolfi, M. and others",
      title          = "{New possibilities for studying nucleon resonances in the
                        production of pi+ pi- pairs by polarized electrons on an
                        unpolarized proton}",
      journal        = "Phys.Atom.Nucl.",
      volume         = "67",
      pages          = "1918-1922",
      doi            = "10.1134/1.1811198",
      year           = "2004",
      reportNumber   = "JLAB-PHY-03-69",
      SLACcitation   = "%%CITATION = PANUE,67,1918;%%",
}



@article{ABBHHM:1968aa,
      key            = "52787",
      title          = "{Photoproduction of meson and baryon resonances at
                        energies up to 5.8-GeV}",
      collaboration  = "Aachen-Berlin-Bonn-Hamburg-Hedielberg-Munich",
      journal        = "Phys.Rev.",
      volume         = "175",
      pages          = "1669-1696",
      doi            = "10.1103/PhysRev.175.1669",
      year           = "1968",
      reportNumber   = "DESY-68-8",
      SLACcitation   = "%%CITATION = PHRVA,175,1669;%%",
}


@proceedings{JM05,
      author         = "V. D. Burkert, L. Elouadrhiri, 
A. A. Boluchevsky, G. V. Fedotov, E. L. Isupov, 
B. S. Ishkhanov, N. V. Shvedunov",
      title          = "PHENOMENOLOGICAL ANALYSIS OF THE CLAS DATA 
ON DOUBLE CHARGED PION PHOTO AND
ELECTRO-PRODUCTION",
      journal        = "Proc. of NSTAR2005
workshop",
      year           = "2005",
      venue          = "Tallahassee, Florida",
      month          = "10-15 Oct 2005",
}



@article{Bosted:1994tm,
      author         = "Bosted, Peter E.",
      title          = "{An Empirical fit to the nucleon electromagnetic
                        form-factors}",
      journal        = "Phys.Rev.",
      volume         = "C51",
      pages          = "409-411",
      doi            = "10.1103/PhysRevC.51.409",
      year           = "1995",
      reportNumber   = "SLAC-PUB-6651",
      SLACcitation   = "%%CITATION = PHRVA,C51,409;%%",
}



@article{Ripani:Note,
      author         = "M. Ripani, V. Burkert,
V. Mokeev",
      title          = "Measurement of Two Pion Decay of
Electroproduced Light Quark Baryon States
with CLAS",
      collaboration  = "CLAS",
      year           = "2002",
      reportNumber   = "CLAS-ANALYSIS 2002-109",
}



@article{Afanasev:2002ee,
      author         = "Afanasev, A. and Akushevich, I. and Burkert, V. and Joo,
                        K.",
      title          = "{QED radiative corrections in processes of exclusive pion
                        electroproduction}",
      journal        = "Phys.Rev.",
      volume         = "D66",
      pages          = "074004",
      doi            = "10.1103/PhysRevD.66.074004",
      year           = "2002",
      eprint         = "hep-ph/0208183",
      archivePrefix  = "arXiv",
      primaryClass   = "hep-ph",
      reportNumber   = "JLAB-PHY-02-07",
      SLACcitation   = "%%CITATION = HEP-PH/0208183;%%",
}

@article{Ripani:2002ss,
      author         = "Ripani, M. and others",
      title          = "{Measurement of $e p \rightarrow e' p' \pi^{+} \pi^{-}$ and baryon
                        resonance analysis}",
      collaboration  = "CLAS",
      journal        = "Phys. Rev. Lett.",
      volume         = "91",
      year           = "2003",
      pages          = "022002",
      doi            = "10.1103/PhysRevLett.91.022002",
      eprint         = "hep-ex/0210054",
      archivePrefix  = "arXiv",
      primaryClass   = "hep-ex",
      reportNumber   = "JLAB-PHY-02-138",
      SLACcitation   = "%%CITATION = HEP-EX/0210054;%%"
}

@article{Aznauryan:2005tp,
      author         = "Aznauryan, I. G. and Burkert, V. D. and Fedotov, G. V.
                        and Ishkhanov, B. S. and Mokeev, V. I.",
      title          = "{Electroexcitation of nucleon resonances at $Q^{2} = 0.65$~
                        (GeV/c)$^{2}$ from a combined analysis of single- and
                        double-pion electroproduction data}",
      journal        = "Phys. Rev.",
      volume         = "C72",
      year           = "2005",
      pages          = "045201",
      doi            = "10.1103/PhysRevC.72.045201",
      eprint         = "hep-ph/0508057",
      archivePrefix  = "arXiv",
      primaryClass   = "hep-ph",
      reportNumber   = "JLAB-PHY-05-392",
      SLACcitation   = "%%CITATION = HEP-PH/0508057;%%"
}

@inproceedings{Mokeev:2005re,
      author         = "Mokeev, V. I. and Burkert, V. D. and Elouadrhiri, L. and
                        Boluchevsky, A. A. and Fedotov, G. V. and Isupov, E. L.
                        and Ishkhanov, B. S. and Shvedunov, N. V.",
      title          = "{Phenomenological analysis of the clas data on double
                        charged pion photo and electro-production}",
      booktitle      = "{Proceedings, 5th International Workshop on Physics of
                        excited nucleons (NSTAR 2005)}",
      url            = "http://www1.jlab.org/Ul/publications/view_pub.cfm?pub_id=6442",
      year           = "2005",
      pages          = "47-56",
      eprint         = "hep-ph/0512164",
      archivePrefix  = "arXiv",
      primaryClass   = "hep-ph",
      reportNumber   = "JLAB-PHY-06-2",
      SLACcitation   = "%%CITATION = HEP-PH/0512164;%%"
}

@article{Wu:2005wf,
      author         = "Wu, C. and others",
      title          = "{Photoproduction of $\rho^{0}$ mesons and Delta-baryons in the
                        reaction $\gamma p \rightarrow p \pi^{+} \pi^{-}$ at energies up to $s^{1/2} = 2.6$~GeV}",
      journal        = "Eur. Phys. J.",
      volume         = "A23",
      year           = "2005",
      pages          = "317-344",
      doi            = "10.1140/epja/i2004-10093-9",
      SLACcitation   = "%%CITATION = EPHJA,A23,317;%%"
}

@article{Ripani:2000va,
      author         = "Ripani, M. and others",
      title          = "{A Phenomenological description of $\pi^{-} \Delta^{++}$
                        photoproduction and electroproduction in nucleon resonance
                        region}",
      journal        = "Nucl. Phys.",
      volume         = "A672",
      year           = "2000",
      pages          = "220-248",
      doi            = "10.1016/S0375-9474(99)00853-2",
      eprint         = "hep-ph/0001265",
      archivePrefix  = "arXiv",
      primaryClass   = "hep-ph",
      SLACcitation   = "%%CITATION = HEP-PH/0001265;%%"
}

@article{Skorodum:EG,
      author         = "Iu. Skorodumina and G. V. Fedotov and V. D. Burkert and E. Golovach and R. W. Gothe and V. Mokeev",
      title          = "\href{https://misportal.jlab.org/mis/physics/clas12/viewFile.cfm/2017-001.pdf?documentId=36}{TWOPEG: An Event Generator for Charged Double Pion Electroproduction off Proton (https://misportal.jlab.org/mis/physics/clas12/viewFile.cfm/2017-001.pdf?documentId=36)}",
      ee = {https://misportal.jlab.org/mis/physics/clas12/viewFile.cfm/2017-001.pdf?documentId=36}, 
      journal   = "CLAS12-NOTE-2017-001",
      collaboration  = "CLAS",
      year           = "2017",
}

@book{Byckling:1971vca,
      author         = "Byckling, Eero and Kajantie, K.",
      title          = "{Particle Kinematics}",
      publisher      = "University of Jyvaskyla",
      address        = "Jyvaskyla, Finland",
      year           = "1971",
      url            = "http://www-spires.fnal.gov/spires/find/books/www?cl=QC794.6.K5B99",
      SLACcitation   = "%%CITATION = INSPIRE-1251349;%%"
}



@article{Wu:2005wf,
      author         = "Wu, C. and others",
      title          = "{Photoproduction of rho0 mesons and Delta-baryons in the
                        reaction gamma p ---> p pi+ pi- at energies up to s**(1/2)
                        = 2.6-GeV}",
      journal        = "Eur. Phys. J.",
      volume         = "A23",
      year           = "2005",
      pages          = "317-344",
      doi            = "10.1140/epja/i2004-10093-9",
      SLACcitation   = "%%CITATION = EPHJA,A23,317;%%"
}


@article{ABBHHM:1968aa,
      title          = "{Photoproduction of Meson and Baryon Resonances at
                        Energies up to 5.8 GEV}",
      collaboration  = "Aachen-Berlin-Bonn-Hamburg-Heidelberg-Munich",
      journal        = "Phys. Rev.",
      volume         = "175",
      year           = "1968",
      pages          = "1669-1696",
      doi            = "10.1103/PhysRev.175.1669",
      reportNumber   = "DESY-68-8",
      SLACcitation   = "%%CITATION = PHRVA,175,1669;%%"
}


@article{Erbe:1970cq,
      author         = "Erbe, R. and others",
      title          = "{Multipion and strange-particle photoproduction on
                        protons at energies up to 5.8-GeV}",
      collaboration  = "Aachen-Berlin-Bonn-Hamburg-Heidelberg-Muenchen",
      journal        = "Phys. Rev.",
      volume         = "188",
      year           = "1969",
      pages          = "2060-2077",
      doi            = "10.1103/PhysRev.188.2060",
      SLACcitation   = "%%CITATION = PHRVA,188,2060;%%"
}

@article{Markov:phd,
      author         = "N. Markov",
      title          = "\href{https://www.jlab.org/Hall-B/general/thesis/Markov_thesis.pdf}{Single $\pi^{0}$ Electroproduction off the Proton in the Resonance region (https://www.jlab.org/Hall-B/general/thesis/Markov\_thesis.pdf)}",
      ee = {ooooooolfhttps://www.jlab.org/Hall-B/general/thesis/Markov_thesis.pdf},
      collaboration  = "CLAS",
      year           = "2012",
      reportNumber   = "Ph. D. thesis",
}

@article{Golovach:note,     
 author         = "E. Golovach",
title          = "CLAS g11a experiment. CLAS ANALYSIS NOTE. (under review)"
}

@article{Isupov:note,     
 author         = "E. Isupov",
title          = "Double-pion electroproduction from CLAS e1-6 experiment CLAS ANALYSIS NOTE."
}


@article{Laforge:1996ts,
      author         = "Laforge, B. and Schoeffel, L.",
      title          = "{Elements of statistical methods in high-energy physics
                        analyses}",
      journal        = "Nucl. Instrum. Meth.",
      volume         = "A394",
      year           = "1997",
      pages          = "115-120",
      doi            = "10.1016/S0168-9002(97)00649-9",
      reportNumber   = "DAPNIA-SPP-96-27",
      SLACcitation   = "%%CITATION = NUIMA,A394,115;%%"
}
